@article{beispielquelle,
    author = {Mustermann, Max and Musterfrau, Maria},
    title = {Ein wichtiger Artikel},
    journal = {Fachzeitschrift},
    year = {2023},
    volume = {42},
    pages = {123--145}
}

@book{beispielbuch,
    author = {Autor, Anna},
    title = {Grundlagen der Wissenschaft},
    publisher = {Verlag},
    year = {2022},
    address = {Berlin}
}

@online{lmuplanck,
    author = {R. Girwidz},
    title = {Das plancksche Strahlungsgesetz},
    url = {https://www.didaktik.physik.uni-muenchen.de/materialien/grundlagen/planck/m4_2_planck.pdf},
    urldate = {2025-10-30}
}

@online{plancknormalspektrum,
    author = {Max Planck},
    title = {Ueber das Gesetz der Energieverteilung im Normalspectrum von Max Planck},
    url = {http://myweb.rz.uni-augsburg.de/~eckern/adp/history/historic-papers/1901_309_553-563.pdf},
    urldate = {2025-10-30}
}

@online{plancknormalspektrumtheorie,
    author = {Max Planck},
    title = {Zur Theorie des Gesetzes der Energieverteilung im Normalspectrum; von M. Planck},
    url = {https://www.ub.edu/hcub/hfq/sites/default/files/planck-energieverteilung.pdf},
    urldate = {2025-10-30}
}